<?xml version="1.0" encoding="UTF-8"?>
<collection>
  <record>
    <leader>03025ctm a2200397 a 4500</leader>
    <controlfield tag="001">005236762</controlfield>
    <controlfield tag="003">MiAaHDL</controlfield>
    <controlfield tag="005">20190719000000.0</controlfield>
    <controlfield tag="006">m d</controlfield>
    <controlfield tag="007">cr bn ---auaua</controlfield>
    <controlfield tag="008">060620q15561627ii 000 p per</controlfield>
    <datafield tag="035" ind1=" " ind2=" ">
      <subfield code="a">(MiU)005236762</subfield>
    </datafield>
    <datafield tag="035" ind1=" " ind2=" ">
      <subfield code="a">sdr-miu005236762</subfield>
    </datafield>
    <datafield tag="035" ind1=" " ind2=" ">
      <subfield code="a">(OCoLC)46426375</subfield>
    </datafield>
    <datafield tag="035" ind1=" " ind2=" ">
      <subfield code="a">(RLIN)MIUG06-B2681</subfield>
    </datafield>
    <datafield tag="040" ind1=" " ind2=" ">
      <subfield code="a">MiU</subfield>
      <subfield code="c">MiU</subfield>
    </datafield>
    <datafield tag="100" ind1="0" ind2=" ">
      <subfield code="6">880-01</subfield>
      <subfield code="a">Saʻdī.</subfield>
    </datafield>
    <datafield tag="240" ind1="1" ind2="0">
      <subfield code="6">880-02</subfield>
      <subfield code="a">Gulistān</subfield>
    </datafield>
    <datafield tag="245" ind1="1" ind2="0">
      <subfield code="6">880-03</subfield>
      <subfield code="a">Gulistān.</subfield>
    </datafield>
    <datafield tag="260" ind1=" " ind2=" ">
      <subfield code="c">[1556-1627?]</subfield>
    </datafield>
    <datafield tag="300" ind1=" " ind2=" ">
      <subfield code="a">1</subfield>
      <subfield code="f">v. ([200]p. ) ;</subfield>
      <subfield code="c">23.5cm.</subfield>
    </datafield>
    <datafield tag="500" ind1=" " ind2=" ">
      <subfield code="a">Gift of Stephen Spaulding.</subfield>
    </datafield>
    <datafield tag="500" ind1=" " ind2=" ">
    <subfield code="a">Colophon states that the copy was made by Ghulām Ghawth in the city of ʻAzīmābād (also known as Patna, capital of the Bihar province of India) in the year one of an unidentifiable Mughul ruler's reign. Although no name is provided
      for this ruler, an epithet is present, which contains the word "khalīfah"; since only Akbar, Jahangīr, and Shāh Jahan referred to themselves as khalīfahs, it is likely that the text is referring to one of these three emperors. If so, the date of
      production would be either 1556, 1605, or 1627, which are the dates of the accessions of each of these three kings.</subfield>
    </datafield>
    <datafield tag="500" ind1=" " ind2=" ">
      <subfield code="a">First page of manuscript contains a note in English written by one owner, which reads: "I bought this at the sale of General Carnac's Books: it is the copy which the general lent to Sir WIlliam Jones when employed in compiling his
      Persian Grammar. A very correct copy." There is also a printed note pasted onto this page with the same information. Seventh page features the title of the work and table of contents hand-written in Latin.</subfield>
    </datafield>
    <datafield tag="500" ind1=" " ind2=" ">
      <subfield code="a">Written in black nastaʻlīq script. Rubricated. Text is bordered with thin blue and red lines.</subfield>
    </datafield>
    <datafield tag="500" ind1=" " ind2=" ">
      <subfield code="a">Reddish-brown soft leather bound codex with simple tooling on upper and lower covers. Binding may not be original; some folios of different paper seem to have been added at the front and back, which have been left blank.</subfield>
    </datafield>
    <datafield tag="510" ind1="4" ind2=" ">
      <subfield code="a">Browne,</subfield>
      <subfield code="c">v. ii, p.525-532; Rypka, p. 251-253.</subfield>
    </datafield>
    <datafield tag="520" ind1=" " ind2=" ">
      <subfield code="a">Written in 656/1258, the Gulistān is Saʻdī's most famous work, composed in rhymed prose with many verses interspersed throughout. The work, which is usually divided into eight sections, constists of entertaining anecdotes that
    illustrate ethical points.</subfield>
    </datafield>
    <datafield tag="538" ind1=" " ind2=" ">
      <subfield code="a">Mode of access: Internet.</subfield>
    </datafield>
    <datafield tag="545" ind1="0" ind2=" ">
      <subfield code="a">Famous Ṣufī poet, Shaykh Abū ʻAbd allāh Musharrifu' al-Dīn bin Muṣiḥ Saʻdī; born in Shīrāz at the end of the 12th century. Lived for a time in Baghdad where he was influenced by
  Suhravardī. Traveled extensively, but eventually returned to Shīrāz, where he wrote his most famous works, the Gulistān and the Bustān, and eventually died in 691/1292.</subfield>
    </datafield>
    <datafield tag="650" ind1=" " ind2="0">
      <subfield code="a">Islamic ethics.</subfield>
    </datafield>
   <datafield tag="650" ind1=" " ind2="0">
<subfield code="a">Sufi poetry</subfield>
<subfield code="v">Early works to 1800.</subfield>
</datafield>
<datafield tag="650" ind1=" " ind2="0">
<subfield code="a">Manuscripts, Persian</subfield>
<subfield code="z">Michigan</subfield>
<subfield code="z">Ann Arbor.</subfield>
</datafield>
<datafield tag="880" ind1="1" ind2="0">
<subfield code="6">245-03/</subfield>
<subfield code="a">گلستان.</subfield>
</datafield>
<datafield tag="880" ind1="1" ind2="0">
<subfield code="6">240-02/</subfield>
<subfield code="a">گلستان.</subfield>
</datafield>
<datafield tag="880" ind1="0" ind2=" "><subfield code="6">100-01/</subfield>
<subfield code="a">سعدي.</subfield>
</datafield>
<datafield tag="CID" ind1=" " ind2=" ">
<subfield code="a">005236762</subfield>
</datafield>
<datafield tag="DAT" ind1="0" ind2=" "><subfield code="a">20190719102633.0</subfield>
<subfield code="b">20190719000000.0</subfield>
</datafield>
<datafield tag="DAT" ind1="1" ind2=" "><subfield code="a">20190719090653.0</subfield>
<subfield code="b">2019-07-19T16:11:05Z</subfield>
</datafield>
<datafield tag="DAT" ind1="2" ind2=" "><subfield code="a">2015-10-10T18:00:06Z</subfield>
</datafield>
<datafield tag="CAT" ind1=" " ind2=" ">
<subfield code="a">SDR-MIU</subfield>
<subfield code="d">EX LIBRIS - ALEPH</subfield>
<subfield code="l">prepare.pl-004-008</subfield>
</datafield>
<datafield tag="FMT" ind1=" " ind2=" ">
<subfield code="a">BK</subfield>
</datafield>
<datafield tag="HOL" ind1=" " ind2=" ">
<subfield code="0">sdr-miu005236762</subfield>
<subfield code="a">MiU</subfield>
<subfield code="b">SDR</subfield>
<subfield code="c">MIU</subfield>
<subfield code="p">mdp.39015081447644</subfield>
<subfield code="s">MIU</subfield>
<subfield code="1">005236762</subfield>
</datafield>
<datafield tag="974" ind1=" " ind2=" ">
<subfield code="b">MIU</subfield>
<subfield code="c">MIU</subfield>
<subfield code="d">20190719</subfield>
<subfield code="s">lit-dlps-dc</subfield>
<subfield code="u">mdp.39015081447644</subfield>
<subfield code="y">1627</subfield>
<subfield code="r">pd</subfield>
<subfield code="q">bib</subfield>
<subfield code="t">non-US bib date2 &lt; 1879</subfield>
</datafield>
</record>
</collection>
